@misc{mediapipe,
        author  = {Google},
        title   = {Hand landmarks detection guide},
        note    = {\url{https://ai.google.dev/edge/mediapipe/solutions/vision/hand_landmarker}},
}
@misc{cao2019openposerealtimemultiperson2d,
      title={OpenPose: Realtime Multi-Person 2D Pose Estimation using Part Affinity Fields}, 
      author={Zhe Cao and Gines Hidalgo and Tomas Simon and Shih-En Wei and Yaser Sheikh},
      year={2019},
      eprint={1812.08008},
      archivePrefix={arXiv},
      primaryClass={cs.CV},
      url={https://arxiv.org/abs/1812.08008}, 
}
@misc{kendall2016posenetconvolutionalnetworkrealtime,
      title={PoseNet: A Convolutional Network for Real-Time 6-DOF Camera Relocalization}, 
      author={Alex Kendall and Matthew Grimes and Roberto Cipolla},
      year={2016},
      eprint={1505.07427},
      archivePrefix={arXiv},
      primaryClass={cs.CV},
      url={https://arxiv.org/abs/1505.07427}, 
}
