@misc{quickdraw,
        author={Google},
        title={Quick Draw!},
        note={\url{https://quickdraw.withgoogle.com/}}
}

@misc{pointnet,
      title={PointNet: Deep Learning on Point Sets for 3D Classification and Segmentation}, 
      author={Charles R. Qi and Hao Su and Kaichun Mo and Leonidas J. Guibas},
      year={2017},
      eprint={1612.00593},
      archivePrefix={arXiv},
      primaryClass={cs.CV},
      url={\url{https://arxiv.org/abs/1612.00593}}, 
}

@misc{sketchrnn,
      title={A Neural Representation of Sketch Drawings}, 
      author={David Ha and Douglas Eck},
      year={2017},
      eprint={1704.03477},
      archivePrefix={arXiv},
      primaryClass={cs.NE},
      url={\url{https://arxiv.org/pdf/1704.03477}}, 
}

@misc{sketchformer,
      title={Sketchformer: Transformer-based Representation for Sketched Structure}, 
      author={Leo Sampaio Ferraz Ribeiro and Tu Bui and John Collomosse and Moacir Ponti},
      year={2020},
      eprint={2002.10381},
      archivePrefix={arXiv},
      primaryClass={cs.CV},
      url={\url{https://arxiv.org/abs/2002.10381}}, 
}
