@misc{tevet2022humanmotiondiffusionmodel,
      title={Human Motion Diffusion Model}, 
      author={Guy Tevet and Sigal Raab and Brian Gordon and Yonatan Shafir and Daniel Cohen-Or and Amit H. Bermano},
      year={2022},
      eprint={2209.14916},
      archivePrefix={arXiv},
      primaryClass={cs.CV},
      url={https://arxiv.org/abs/2209.14916}, 
}

@misc{jiang2023motiongpthumanmotionforeign,
      title={MotionGPT: Human Motion as a Foreign Language}, 
      author={Biao Jiang and Xin Chen and Wen Liu and Jingyi Yu and Gang Yu and Tao Chen},
      year={2023},
      eprint={2306.14795},
      archivePrefix={arXiv},
      primaryClass={cs.CV},
      url={https://arxiv.org/abs/2306.14795}, 
}

@misc{smith2023methodanimatingchildrensdrawings,
      title={A Method for Animating Children's Drawings of the Human Figure}, 
      author={Harrison Jesse Smith and Qingyuan Zheng and Yifei Li and Somya Jain and Jessica K. Hodgins},
      year={2023},
      eprint={2303.12741},
      archivePrefix={arXiv},
      primaryClass={cs.CV},
      url={https://arxiv.org/abs/2303.12741}, 
}

@misc{hong2024lrmlargereconstructionmodel,
      title={LRM: Large Reconstruction Model for Single Image to 3D}, 
      author={Yicong Hong and Kai Zhang and Jiuxiang Gu and Sai Bi and Yang Zhou and Difan Liu and Feng Liu and Kalyan Sunkavalli and Trung Bui and Hao Tan},
      year={2024},
      eprint={2311.04400},
      archivePrefix={arXiv},
      primaryClass={cs.CV},
      url={https://arxiv.org/abs/2311.04400}, 
}

@misc{tang2024dreamgaussiangenerativegaussiansplatting,
      title={DreamGaussian: Generative Gaussian Splatting for Efficient 3D Content Creation}, 
      author={Jiaxiang Tang and Jiawei Ren and Hang Zhou and Ziwei Liu and Gang Zeng},
      year={2024},
      eprint={2309.16653},
      archivePrefix={arXiv},
      primaryClass={cs.CV},
      url={https://arxiv.org/abs/2309.16653}, 
}
