@inproceedings{carbonell1998use,
author = {Carbonell, Jaime and Goldstein, Jade},
title = {The use of MMR, diversity-based reranking for reordering documents and producing summaries},
year = {1998},
isbn = {1581130155},
publisher = {Association for Computing Machinery},
address = {New York, NY, USA},
url = {https://doi.org/10.1145/290941.291025},
doi = {10.1145/290941.291025},
booktitle = {Proceedings of the 21st Annual International ACM SIGIR Conference on Research and Development in Information Retrieval},
pages = {335–336},
numpages = {2},
location = {Melbourne, Australia},
series = {SIGIR '98}
}

@misc{isshiki2024bm25,
    author = {一色},
    title = {BM25／Okapi BM25（情報検索のアルゴリズム）とは？},
    year = {2024},
    publisher = {@itmadia},
    url = {\url{https://atmarkit.itmedia.co.jp/ait/articles/2404/22/news021.html}},
    note = {Accessed: 2024/10/1}
}
