@book{Niiro2024,
    author    = {新納 浩幸},
    title     = {LLMのファインチューニングとRAG-チャットボット開発による実践},
    publisher = {オーム社},
    year      = {2024},
}
@webpage{langchain-faiss,
  title        = {langchain\_community.vectorstores.faiss.FAISS},
  organization = {LangChain},
  note         = {\url{https://api.python.langchain.com/en/latest/vectorstores/langchain_community.vectorstores.faiss.FAISS.html}},
  refdate      = {Accessed: 2024-11-16},
}
@webpage{kulasis,
  title        = {KULASIS},
  organization = {Kyoto University},
  note         = {\url{https://www.k.kyoto-u.ac.jp/external/open_syllabus/top}},
  refdate      = {Accessed: 2024-11-16},
}
@manual{langchain,
  title        = {LangChain},
  organization = {LangChain},
  note         = {\url{https://langchain.com/}},
  refdate      = {Accessed: 2024-11-16},
}
@manual{beautifulsoup,
  title        = {Beautiful Soup Documentation},
  author       = {Leonard Richardson},
  year         = {2024},
  url          = {\url{https://www.crummy.com/software/BeautifulSoup/}},
  note         = {Accessed: 2024-11-16},
}
@manual{streamlit,
  title        = {Streamlit: The fastest way to build and share data apps},
  author       = {Streamlit, Inc.},
  year         = {2024},
  url          = {\url{https://streamlit.io/}},
  note         = {Accessed: 2024-11-16},
}
@manual{gemini,
  title        = {Gemini},
  organization = {Google},
  url          = {\url{https://ai.google.dev/gemini-api/docs?hl=en}},
  note         = {Accessed: 2024-11-16},
}
@misc{intfloat_multilingual_e5_base,
  title        = {intfloat/multilingual-e5-base},
  author       = {intfloat},
  year         = {2024},
  url          = {https://huggingface.co/intfloat/multilingual-e5-base},
  note         = {Accessed: 2024-11-16},
}
