@article{mnih2013playing,
  title={Playing atari with deep reinforcement learning},
  author={Mnih, Volodymyr},
  journal={arXiv preprint arXiv:1312.5602},
  year={2013}
}
@misc{hafner2024masteringdiversedomainsworld,
      title={Mastering Diverse Domains through World Models}, 
      author={Danijar Hafner and Jurgis Pasukonis and Jimmy Ba and Timothy Lillicrap},
      year={2024},
      eprint={2301.04104},
      archivePrefix={arXiv},
      primaryClass={cs.AI},
      url={https://arxiv.org/abs/2301.04104}, 
}
@misc{yarats2021masteringvisualcontinuouscontrol,
      title={Mastering Visual Continuous Control: Improved Data-Augmented Reinforcement Learning}, 
      author={Denis Yarats and Rob Fergus and Alessandro Lazaric and Lerrel Pinto},
      year={2021},
      eprint={2107.09645},
      archivePrefix={arXiv},
      primaryClass={cs.AI},
      url={https://arxiv.org/abs/2107.09645}, 
}
